% Windows Home Server References
 @misc{informit2011Apr, 
    title={Discovering Windows Home Server 2011}, url={https//www.informit.com/articles/article.aspx?p=1692547},
    journal={InformIT},
    year={2011},
    month={04}
} 
 @misc{microsoft2009Dec,
    title={Windows Home Server: Power packs}, url={https://web.archive.org/web/20091211222808/http://www.microsoft.com/windows/products/winfamily/windowshomeserver/pp.mspx},
    journal={Microsoft},
    publisher={https://web.archive.org/},
    year={2009},
    month={12}
} 
 @misc{thurrott2007Jan,
    title={Windows Home Server preview}, url={https://web.archive.org/web/20070111085243/http://www.winsupersite.com/reviews/whs_preview.asp}, 
    journal={Paul Thurrott's SuperSite for Windows: Windows Home Server Preview}, 
    author={Thurrott, Paul}, 
    year={2007},
    month={01}
} 
@misc{pivovarova219end,
    title={Windows Home Server 2011 End of Mainstream Support},
    url={https://techcommunity.microsoft.com/t5/windows-server-essentials-and/windows-home-server-2011-end-of-mainstream-support/ba-p/399076},
    author={Pivovarova, Irina},
    year={2019}
}

@book{Edney2007guide,
    title={Windows Home Server User's Guide},
    author={Edney, Andrew},
    year={2007},
    publisher={Springer-Verlag New York, Inc.}
}

@book{mcfedries2011,
    title={Microsoft Windows Home Server 2011 Unleashed - Third ed.},
    author={McFedries, Paul},
    year={2011},
    publisher={Sams Publishing}
}

% Windows Vista References
@book{torres2008unofficial,
  title={The Unofficial Guide to Windows Vista},
  author={Torres, Derek and Mudie, Stuart},
  year={2008},
  publisher={John Wiley \& Sons}
}

@article{gatesguide,
  title={A GUIDE TO WINDOWS VISTA},
  author={Gates, Bill}
}

@article{awusi2007evaluation,
  title={An Evaluation of Windows Vista},
  author={Awusi, Richard},
  journal={Rhodes University, Section},
  volume={4},
  pages={36--37},
  year={2007}
}

@article{abdulmalik2010windows,
  title={Windows Vista Kernel-Mode: Functions, Security Enhancements and Flaws},
  author={Abdulmalik, Mohammed and Abdulhamid, Shafiâ€™i Muhammad},
  year={2010},
  publisher={Leonardo Journal of Sciences}
}

@misc{bitterling2010operating,
  title={Operating System Kernels},
  author={Bitterling, Patrick},
  year={2010}
}

@article{al12concurrent,
  title={Concurrent Programming in Windows Vista},
  author={Al-Rayes, Hadeel Tariq},
  journal={International Journal of Electrical \& Computer Sciences IJECS-IJENS},
  volume={12},
  number={5},
  pages={32--37},
  publisher={Citeseer}
}

 @misc{siddiqui_2021, 
 title={What is the difference between the windows OS and windows server?}, url={https://www.quickstart.com/blog/what-is-the-difference-between-the-windows-os-and-windows-server/}, 
 journal={What is the difference between the Windows OS and Windows server?}, 
 publisher={QuickStart}, 
 author={Siddiqui, Yahya}, 
 year={2021}, 
 month={May}
 }
 
 @article{russinovich2007inside,
  title={Inside the windows vista kernel: Part 3},
  author={Russinovich, Mark},
  journal={Microsoft TechNet Magazine},
  year={2007}
}